@ARTICLE{zhao2023,
       author = {{Zhao}, Lily L. and {Dumusque}, Xavier and {Ford}, Eric B. and {Llama}, Joe and {Mortier}, Annelies and {Bedell}, Megan and {Al Moulla}, Khaled and {Bender}, Chad F. and {Blake}, Cullen H. and {Brewer}, John M. and {Collier Cameron}, Andrew and {Cosentino}, Rosario and {Figueira}, Pedro and {Fischer}, Debra A. and {Ghedina}, Adriano and {Gonzalez}, Manuel and {Halverson}, Samuel and {Kanodia}, Shubham and {Latham}, David W. and {Lin}, Andrea S.~J. and {Lo Curto}, Gaspare and {Lodi}, Marcello and {Logsdon}, Sarah E. and {Lovis}, Christophe and {Mahadevan}, Suvrath and {Monson}, Andrew and {Ninan}, Joe P. and {Pepe}, Francesco and {Roettenbacher}, Rachael M. and {Roy}, Arpita and {Santos}, Nuno C. and {Schwab}, Christian and {Stef{\'a}nsson}, Gu{\dj}mundur and {Szymkowiak}, Andrew E. and {Terrien}, Ryan C. and {Udry}, Stephane and {Weiss}, Sam A. and {Wildi}, Fran{\c{c}}ois and {Wildi}, Thibault and {Wright}, Jason T.},
        title = "{The Extreme Stellar-signals Project. III. Combining Solar Data from HARPS, HARPS-N, EXPRES, and NEID}",
      journal = {\aj},
     keywords = {Stellar activity, Solar activity, Spectrometers, Astronomical instrumentation, Radial velocity, Exoplanet detection methods, 1580, 1475, 1554, 799, 1332, 489, Astrophysics - Earth and Planetary Astrophysics, Astrophysics - Instrumentation and Methods for Astrophysics, Astrophysics - Solar and Stellar Astrophysics},
         year = 2023,
        month = oct,
       volume = {166},
       number = {4},
          eid = {173},
        pages = {173},
          doi = {10.3847/1538-3881/acf83e},
archivePrefix = {arXiv},
       eprint = {2309.03762},
 primaryClass = {astro-ph.EP},
       adsurl = {https://ui.adsabs.harvard.edu/abs/2023AJ....166..173Z},
      adsnote = {Provided by the SAO/NASA Astrophysics Data System}
}

# BEGIN HARPS REFS

@ARTICLE{cretignier2021,
       author = {{Cretignier}, M. and {Dumusque}, X. and {Hara}, N.~C. and {Pepe}, F.},
        title = "{YARARA: Significant improvement of RV precision through post-processing of spectral time-series}",
      journal = {arXiv e-prints},
     keywords = {Astrophysics - Earth and Planetary Astrophysics, Astrophysics - Instrumentation and Methods for Astrophysics},
         year = 2021,
        month = jun,
          eid = {arXiv:2106.07301},
        pages = {arXiv:2106.07301},
archivePrefix = {arXiv},
       eprint = {2106.07301},
 primaryClass = {astro-ph.EP},
       adsurl = {https://ui.adsabs.harvard.edu/abs/2021arXiv210607301C},
      adsnote = {Provided by the SAO/NASA Astrophysics Data System}
}

@ARTICLE{2cretignier2023,
       author = {{Cretignier}, M. and {Dumusque}, X. and {Aigrain}, S. and {Pepe}, F.},
        title = "{YARARA V2: Reaching sub-m s$^{-1}$ precision over a decade using PCA on line-by-line radial velocities}",
      journal = {\aap},
     keywords = {planetary systems, methods: data analysis, techniques: radial velocities, techniques: spectroscopic, Astrophysics - Earth and Planetary Astrophysics, Astrophysics - Instrumentation and Methods for Astrophysics},
         year = 2023,
        month = oct,
       volume = {678},
          eid = {A2},
        pages = {A2},
          doi = {10.1051/0004-6361/202347232},
archivePrefix = {arXiv},
       eprint = {2308.11812},
 primaryClass = {astro-ph.EP},
       adsurl = {https://ui.adsabs.harvard.edu/abs/2023A&A...678A...2C},
      adsnote = {Provided by the SAO/NASA Astrophysics Data System}
}

@ARTICLE{pepe2004,
       author = {{Pepe}, F. and {Mayor}, M. and {Queloz}, D. and {Benz}, W. and {Bonfils}, X. and {Bouchy}, F. and {Lo Curto}, G. and {Lovis}, C. and {M{\'e}gevand}, D. and {Moutou}, C. and {Naef}, D. and {Rupprecht}, G. and {Santos}, N.~C. and {Sivan}, J. -P. and {Sosnowska}, D. and {Udry}, S.},
        title = "{The HARPS search for southern extra-solar planets. I. HD 330075 b: A new ``hot Jupiter''}",
      journal = {\aap},
     keywords = {instrumentation: spectrographs, techniques: radial velocities, stars: individual: HD 330075, stars: planetary systems, Astrophysics},
         year = 2004,
        month = aug,
       volume = {423},
        pages = {385-389},
          doi = {10.1051/0004-6361:20040389},
archivePrefix = {arXiv},
       eprint = {astro-ph/0405252},
 primaryClass = {astro-ph},
       adsurl = {https://ui.adsabs.harvard.edu/abs/2004A&A...423..385P},
      adsnote = {Provided by the SAO/NASA Astrophysics Data System}
}

% BEGIN HARPSN REFS

@ARTICLE{almoulla2023,
       author = {{Al Moulla}, K. and {Dumusque}, X. and {Figueira}, P. and {Lo Curto}, G. and {Santos}, N.~C. and {Wildi}, F.},
        title = "{Stellar signal components seen in HARPS and HARPS-N solar radial velocities}",
      journal = {\aap},
     keywords = {stars: activity, stars: individual: Sun, techniques: radial velocities, Astrophysics - Solar and Stellar Astrophysics, Astrophysics - Earth and Planetary Astrophysics, Astrophysics - Instrumentation and Methods for Astrophysics},
         year = 2023,
        month = jan,
       volume = {669},
          eid = {A39},
        pages = {A39},
          doi = {10.1051/0004-6361/202244663},
archivePrefix = {arXiv},
       eprint = {2211.04251},
 primaryClass = {astro-ph.SR},
       adsurl = {https://ui.adsabs.harvard.edu/abs/2023A&A...669A..39A},
      adsnote = {Provided by the SAO/NASA Astrophysics Data System}
}

@ARTICLE{collier2019,
       author = {{Collier Cameron}, A. and {Mortier}, A. and {Phillips}, D. and {Dumusque}, X. and {Haywood}, R.~D. and {Langellier}, N. and {Watson}, C.~A. and {Cegla}, H.~M. and {Costes}, J. and {Charbonneau}, D. and {Coffinet}, A. and {Latham}, D.~W. and {Lopez-Morales}, M. and {Malavolta}, L. and {Maldonado}, J. and {Micela}, G. and {Milbourne}, T. and {Molinari}, E. and {Saar}, S.~H. and {Thompson}, S. and {Buchschacher}, N. and {Cecconi}, M. and {Cosentino}, R. and {Ghedina}, A. and {Glenday}, A. and {Gonzalez}, M. and {Li}, C. -H. and {Lodi}, M. and {Lovis}, C. and {Pepe}, F. and {Poretti}, E. and {Rice}, K. and {Sasselov}, D. and {Sozzetti}, A. and {Szentgyorgyi}, A. and {Udry}, S. and {Walsworth}, R.},
        title = "{Three years of Sun-as-a-star radial-velocity observations on the approach to solar minimum}",
      journal = {\mnras},
     keywords = {techniques: radial velocities, Sun: activity, Sun: faculae, plages, Sun:granulation, sunspots, planets and satellites: detection, Astrophysics - Solar and Stellar Astrophysics, Astrophysics - Earth and Planetary Astrophysics},
         year = 2019,
        month = jul,
       volume = {487},
       number = {1},
        pages = {1082-1100},
          doi = {10.1093/mnras/stz1215},
archivePrefix = {arXiv},
       eprint = {1904.12186},
 primaryClass = {astro-ph.SR},
       adsurl = {https://ui.adsabs.harvard.edu/abs/2019MNRAS.487.1082C},
      adsnote = {Provided by the SAO/NASA Astrophysics Data System}
}

@INPROCEEDINGS{cosentino2012,
       author = {{Cosentino}, Rosario and {Lovis}, Christophe and {Pepe}, Francesco and {Collier Cameron}, Andrew and {Latham}, David W. and {Molinari}, Emilio and {Udry}, Stephane and {Bezawada}, Naidu and {Black}, Martin and {Born}, Andy and {Buchschacher}, Nicolas and {Charbonneau}, Dave and {Figueira}, Pedro and {Fleury}, Michel and {Galli}, Alberto and {Gallie}, Angus and {Gao}, Xiaofeng and {Ghedina}, Adriano and {Gonzalez}, Carlos and {Gonzalez}, Manuel and {Guerra}, Jose and {Henry}, David and {Horne}, Keith and {Hughes}, Ian and {Kelly}, Dennis and {Lodi}, Marcello and {Lunney}, David and {Maire}, Charles and {Mayor}, Michel and {Micela}, Giusi and {Ordway}, Mark P. and {Peacock}, John and {Phillips}, David and {Piotto}, Giampaolo and {Pollacco}, Don and {Queloz}, Didier and {Rice}, Ken and {Riverol}, Carlos and {Riverol}, Luis and {San Juan}, Jose and {Sasselov}, Dimitar and {Segransan}, Damien and {Sozzetti}, Alessandro and {Sosnowska}, Danuta and {Stobie}, Brian and {Szentgyorgyi}, Andrew and {Vick}, Andy and {Weber}, Luc},
        title = "{Harps-N: the new planet hunter at TNG}",
    booktitle = {Ground-based and Airborne Instrumentation for Astronomy IV},
         year = 2012,
       editor = {{McLean}, Ian S. and {Ramsay}, Suzanne K. and {Takami}, Hideki},
       series = {Society of Photo-Optical Instrumentation Engineers (SPIE) Conference Series},
       volume = {8446},
        month = sep,
          eid = {84461V},
        pages = {84461V},
          doi = {10.1117/12.925738},
       adsurl = {https://ui.adsabs.harvard.edu/abs/2012SPIE.8446E..1VC},
      adsnote = {Provided by the SAO/NASA Astrophysics Data System}
}

@ARTICLE{dumusque2015,
       author = {{Dumusque}, Xavier and {Pepe}, Francesco and {Lovis}, Christophe and {Latham}, David W.},
        title = "{Characterization of a Spurious One-year Signal in HARPS Data}",
      journal = {\apj},
     keywords = {instrumentation: detectors, instrumentation: spectrographs, methods: data analysis, planets and satellites: terrestrial planets, techniques: radial velocities, Astrophysics - Earth and Planetary Astrophysics},
         year = 2015,
        month = aug,
       volume = {808},
       number = {2},
          eid = {171},
        pages = {171},
          doi = {10.1088/0004-637X/808/2/171},
archivePrefix = {arXiv},
       eprint = {1508.00596},
 primaryClass = {astro-ph.EP},
       adsurl = {https://ui.adsabs.harvard.edu/abs/2015ApJ...808..171D},
      adsnote = {Provided by the SAO/NASA Astrophysics Data System}
}

@ARTICLE{dumusque2021,
       author = {{Dumusque}, X. and {Cretignier}, M. and {Sosnowska}, D. and {Buchschacher}, N. and {Lovis}, C. and {Phillips}, D.~F. and {Pepe}, F. and {Alesina}, F. and {Buchhave}, L.~A. and {Burnier}, J. and {Cecconi}, M. and {Cegla}, H.~M. and {Cloutier}, R. and {Collier Cameron}, A. and {Cosentino}, R. and {Ghedina}, A. and {Gonz{\'a}lez}, M. and {Haywood}, R.~D. and {Latham}, D.~W. and {Lodi}, M. and {L{\'o}pez-Morales}, M. and {Maldonado}, J. and {Malavolta}, L. and {Micela}, G. and {Molinari}, E. and {Mortier}, A. and {P{\'e}rez Ventura}, H. and {Pinamonti}, M. and {Poretti}, E. and {Rice}, K. and {Riverol}, L. and {Riverol}, C. and {San Juan}, J. and {S{\'e}gransan}, D. and {Sozzetti}, A. and {Thompson}, S.~J. and {Udry}, S. and {Wilson}, T.~G.},
        title = "{Three years of HARPS-N high-resolution spectroscopy and precise radial velocity data for the Sun}",
      journal = {\aap},
     keywords = {Sun: activity, techniques: radial velocities, methods: data analysis, instrumentation: spectrographs, astronomical databases: miscellaneous, planets and satellites: detection, Astrophysics - Solar and Stellar Astrophysics, Astrophysics - Earth and Planetary Astrophysics, Astrophysics - Instrumentation and Methods for Astrophysics},
         year = 2021,
        month = apr,
       volume = {648},
          eid = {A103},
        pages = {A103},
          doi = {10.1051/0004-6361/202039350},
archivePrefix = {arXiv},
       eprint = {2009.01945},
 primaryClass = {astro-ph.SR},
       adsurl = {https://ui.adsabs.harvard.edu/abs/2021A&A...648A.103D},
      adsnote = {Provided by the SAO/NASA Astrophysics Data System}
}

@ARTICLE{john2023,
	adsnote = {Provided by the SAO/NASA Astrophysics Data System},
	adsurl = {https://ui.adsabs.harvard.edu/abs/2023MNRAS.tmp.2279J},
	archiveprefix = {arXiv},
	author = {{John}, A. Anna and {Collier Cameron}, A. and {Faria}, J.~P. and {Mortier}, A. and {Wilson}, T.~G. and {Malavolta}, L. and {Buchhave}, L.~A. and {Dumusque}, X. and {L{\'o}pez-Morales}, M. and {Haywood}, R.~D. and {Rice}, K. and {Sozzetti}, A. and {Latham}, D.~W. and {Udry}, S. and {Pepe}, F. and {Pinamonti}, M. and {Vanderburg}, A. and {Ghedina}, A. and {Cosentino}, R. and {Stalport}, M. and {Nicholson}, B.~A. and {Fiorenzano}, A. and {Poretti}, E.},
	doi = {10.1093/mnras/stad2381},
	eprint = {2308.01348},
	journal = {\mnras},
	keywords = {planets and satellites: detection, techniques: radial velocities, stars: activity, line: profiles, individual: Rocky Planet Search targets HD 166620 and HD 144579, Astrophysics - Earth and Planetary Astrophysics, Astrophysics - Instrumentation and Methods for Astrophysics, Astrophysics - Solar and Stellar Astrophysics},
	month = aug,
	primaryclass = {astro-ph.EP},
	title = {{Sub-m s$^{-1}$ upper limits from a deep HARPS-N radial-velocity search for planets orbiting HD 166620 and HD 144579}},
	year = 2023,
	bdsk-url-1 = {https://doi.org/10.1093/mnras/stad2381}}

@inproceedings{phillips2016,
	adsnote = {Provided by the SAO/NASA Astrophysics Data System},
	adsurl = {https://ui.adsabs.harvard.edu/abs/2016SPIE.9912E..6ZP},
	author = {{Phillips}, David F. and {Glenday}, Alex G. and {Dumusque}, Xavier and {Buchschacher}, Nicolas and {Collier Cameron}, Andrew and {Cecconi}, Massimo and {Charbonneau}, David and {Cosentino}, Rosario and {Ghedina}, Adriano and {Haywood}, Raph{\"a}elle and {Latham}, David W. and {Li}, Chih-Hao and {Lodi}, Marcello and {Lovis}, Christophe and {Molinari}, Emilio and {Pepe}, Francesco and {Sasselov}, Dimitar and {Szentgyorgyi}, Andrew and {Udry}, Stephane and {Walsworth}, Ronald L.},
	booktitle = {Advances in Optical and Mechanical Technologies for Telescopes and Instrumentation II},
	date-modified = {2020-07-31 23:59:43 +0200},
	doi = {10.1117/12.2232452},
	eid = {99126Z},
	month = jul,
	pages = {99126Z},
	series = {Society of Photo-Optical Instrumentation Engineers (SPIE) Conference Series},
	title = {{An astro-comb calibrated solar telescope to search for the radial velocity signature of Venus}},
	volume = {9912},
	year = 2016,
	bdsk-url-1 = {https://doi.org/10.1117/12.2232452}}

% BEGIN EXPRES REFS

@ARTICLE{blackman2020,
       author = {{Blackman}, Ryan T. and {Fischer}, Debra A. and {Jurgenson}, Colby A. and {Sawyer}, David and {McCracken}, Tyler M. and {Szymkowiak}, Andrew E. and {Petersburg}, Ryan R. and {Ong}, J.~M. Joel and {Brewer}, John M. and {Zhao}, Lily L. and {Leet}, Christopher and {Buchhave}, Lars A. and {Tronsgaard}, Ren{\'e} and {Llama}, Joe and {Sawyer}, Travis and {Davis}, Allen B. and {Cabot}, Samuel H.~C. and {Shao}, Michael and {Trahan}, Russell and {Nemati}, Bijan and {Genoni}, Matteo and {Pariani}, Giorgio and {Riva}, Marco and {Fournier}, Paul and {Pawluczyk}, Rafal},
        title = "{Performance Verification of the EXtreme PREcision Spectrograph}",
      journal = {\aj},
     keywords = {799, 2096, Astrophysics - Instrumentation and Methods for Astrophysics, Astrophysics - Earth and Planetary Astrophysics, Astrophysics - Solar and Stellar Astrophysics},
         year = 2020,
        month = may,
       volume = {159},
       number = {5},
          eid = {238},
        pages = {238},
          doi = {10.3847/1538-3881/ab811d},
archivePrefix = {arXiv},
       eprint = {2003.08852},
 primaryClass = {astro-ph.IM},
       adsurl = {https://ui.adsabs.harvard.edu/abs/2020AJ....159..238B},
      adsnote = {Provided by the SAO/NASA Astrophysics Data System}
}

@inproceedings{jurgenson2016,
   author = {{Jurgenson}, C. and {Fischer}, D. and {McCracken}, T. and {Sawyer}, D. and 
	{Szymkowiak}, A. and {Davis}, A. and {Muller}, G. and {Santoro}, F.
	},
    title = "{EXPRES: a next generation RV spectrograph in the search for earth-like worlds}",
    booktitle = {Ground-based and Airborne Instrumentation for Astronomy VI},
     year = 2016,
   series = {\procspie},
   volume = 9908,
    archivePrefix = "arXiv",
   eprint = {1606.04413},
 primaryClass = "astro-ph.IM",
    month = aug,
      eid = {99086T},
    pages = {99086T},
      doi = {10.1117/12.2233002},
   adsurl = {http://adsabs.harvard.edu/abs/2016SPIE.9908E..6TJ},
  adsnote = {Provided by the SAO/NASA Astrophysics Data System}
}

@INPROCEEDINGS{levine2012,
       author = {{Levine}, Stephen E. and {Bida}, Thomas A. and {Chylek}, Tomas and
         {Collins}, Peter L. and {DeGroff}, William T. and {Dunham}, Edward W. and
         {Lotz}, Paul J. and {Venetiou}, Alexander J. and
         {Zoonemat Kermani}, Saeid},
        title = "{Status and performance of the Discovery Channel Telescope during commissioning}",
    booktitle = {Ground-based and Airborne Telescopes IV},
         year = 2012,
       series = {Society of Photo-Optical Instrumentation Engineers (SPIE) Conference Series},
       volume = {8444},
        month = sep,
          eid = {844419},
        pages = {844419},
          doi = {10.1117/12.926415},
       adsurl = {https://ui.adsabs.harvard.edu/abs/2012SPIE.8444E..19L},
      adsnote = {Provided by the SAO/NASA Astrophysics Data System}
}

@INPROCEEDINGS{llama2024,
       author = {{Llama}, Joe and {Zhao}, Lily L. and {Brewer}, John M. and {Szymkowiak}, Andrew and {Fischer}, Debra A. and {Collins}, Michael and {Tiegs}, Jake and {Cornelius}, Frank},
        title = "{The Lowell Observatory Solar Telescope: a fiber feed into the Extreme Precision Spectrometer}",
     keywords = {Astrophysics - Earth and Planetary Astrophysics, Astrophysics - Instrumentation and Methods for Astrophysics, Astrophysics - Solar and Stellar Astrophysics},
    booktitle = {Ground-based and Airborne Telescopes X},
         year = 2024,
       editor = {{Marshall}, Heather K. and {Spyromilio}, Jason and {Usuda}, Tomonori},
       series = {Society of Photo-Optical Instrumentation Engineers (SPIE) Conference Series},
       volume = {13094},
        month = aug,
          eid = {130942O},
        pages = {130942O},
          doi = {10.1117/12.3020494},
archivePrefix = {arXiv},
       eprint = {2407.07967},
 primaryClass = {astro-ph.EP},
       adsurl = {https://ui.adsabs.harvard.edu/abs/2024SPIE13094E..2OL},
      adsnote = {Provided by the SAO/NASA Astrophysics Data System}
}

@ARTICLE{petersburg2020,
       author = {{Petersburg}, Ryan R. and {Ong}, J.~M. Joel and {Zhao}, Lily L. and
         {Blackman}, Ryan T. and {Brewer}, John M. and {Buchhave}, Lars A. and
         {Cabot}, Samuel H.~C. and {Davis}, Allen B. and {Jurgenson}, Colby A. and
         {Leet}, Christopher and {McCracken}, Tyler M. and {Sawyer}, David and
         {Sharov}, Mikhail and {Tronsgaard}, Ren{\'e} and
         {Szymkowiak}, Andrew E. and {Fischer}, Debra A.},
        title = "{An Extreme-precision Radial-velocity Pipeline: First Radial Velocities from EXPRES}",
      journal = {\aj},
     keywords = {Astrophysics - Instrumentation and Methods for Astrophysics, Astrophysics - Earth and Planetary Astrophysics, Astrophysics - Solar and Stellar Astrophysics},
         year = 2020,
        month = may,
       volume = {159},
       number = {5},
          eid = {187},
        pages = {187},
          doi = {10.3847/1538-3881/ab7e31},
archivePrefix = {arXiv},
       eprint = {2003.08851},
 primaryClass = {astro-ph.IM},
       adsurl = {https://ui.adsabs.harvard.edu/abs/2020AJ....159..187P},
      adsnote = {Provided by the SAO/NASA Astrophysics Data System}
}

@ARTICLE{zhao2021,
       author = {{Zhao}, Lily L. and {Hogg}, David W. and {Bedell}, Megan and {Fischer}, Debra A.},
        title = "{Excalibur: A Nonparametric, Hierarchical Wavelength Calibration Method for a Precision Spectrograph}",
      journal = {\aj},
     keywords = {Exoplanet detection methods, Radial velocity, Astronomical techniques, Astronomical instrumentation, Spectrometers, Computational methods, 489, 1332, 1684, 799, 1554, 1965, Astrophysics - Instrumentation and Methods for Astrophysics, Astrophysics - Earth and Planetary Astrophysics},
         year = 2021,
        month = feb,
       volume = {161},
       number = {2},
          eid = {80},
        pages = {80},
          doi = {10.3847/1538-3881/abd105},
archivePrefix = {arXiv},
       eprint = {2010.13786},
 primaryClass = {astro-ph.IM},
       adsurl = {https://ui.adsabs.harvard.edu/abs/2021AJ....161...80Z},
      adsnote = {Provided by the SAO/NASA Astrophysics Data System}
}

@ARTICLE{zhao2022,
       author = {{Zhao}, Lily L. and {Fischer}, Debra A. and {Ford}, Eric B. and {Wise}, Alex and {Cretignier}, Micha{\"e}l and {Aigrain}, Suzanne and {Barragan}, Oscar and {Bedell}, Megan and {Buchhave}, Lars A. and {Camacho}, Jo{\~a}o D. and {Cegla}, Heather M. and {Cisewski-Kehe}, Jessi and {Collier Cameron}, Andrew and {de Beurs}, Zoe L. and {Dodson-Robinson}, Sally and {Dumusque}, Xavier and {Faria}, Jo{\~a}o P. and {Gilbertson}, Christian and {Haley}, Charlotte and {Harrell}, Justin and {Hogg}, David W. and {Holzer}, Parker and {John}, Ancy Anna and {Klein}, Baptiste and {Lafarga}, Marina and {Lienhard}, Florian and {Maguire-Rajpaul}, Vinesh and {Mortier}, Annelies and {Nicholson}, Belinda and {Palumbo}, Michael L. and {Ramirez Delgado}, Victor and {Shallue}, Christopher J. and {Vanderburg}, Andrew and {Viana}, Pedro T.~P. and {Zhao}, Jinglin and {Zicher}, Norbert and {Cabot}, Samuel H.~C. and {Henry}, Gregory W. and {Roettenbacher}, Rachael M. and {Brewer}, John M. and {Llama}, Joe and {Petersburg}, Ryan R. and {Szymkowiak}, Andrew E.},
        title = "{The EXPRES Stellar Signals Project II. State of the Field in Disentangling Photospheric Velocities}",
      journal = {\aj},
     keywords = {Radial velocity, Exoplanet detection methods, Planet hosting stars, Stellar activity, Spectrometers, 1332, 489, 1242, 1580, 1554, Astrophysics - Earth and Planetary Astrophysics, Astrophysics - Instrumentation and Methods for Astrophysics, Astrophysics - Solar and Stellar Astrophysics},
         year = 2022,
        month = apr,
       volume = {163},
       number = {4},
          eid = {171},
        pages = {171},
          doi = {10.3847/1538-3881/ac5176},
archivePrefix = {arXiv},
       eprint = {2201.10639},
 primaryClass = {astro-ph.EP},
       adsurl = {https://ui.adsabs.harvard.edu/abs/2022AJ....163..171Z},
      adsnote = {Provided by the SAO/NASA Astrophysics Data System}
}

% BEGIN NEID REFS

@INPROCEEDINGS{NEID,
       author = {{Schwab}, C. and {Rakich}, A. and {Gong}, Q. and {Mahadevan}, S. and
         {Halverson}, S.~P. and {Roy}, A. and {Terrien}, R.~C. and
         {Robertson}, P.~M. and {Hearty}, F.~R. and {Levi}, E.~I. and
         {Monson}, A.~J. and {Wright}, J.~T. and {McElwain}, M.~W. and
         {Bender}, C.~F. and {Blake}, C.~H. and {St{\"u}rmer}, J. and
         {Gurevich}, Y.~V. and {Chakraborty}, A. and {Ramsey}, L.~W.},
        title = "{Design of NEID, an extreme precision Doppler spectrograph for WIYN}",
    booktitle = {Ground-based and Airborne Instrumentation for Astronomy VI},
         year = 2016,
       series = {Society of Photo-Optical Instrumentation Engineers (SPIE) Conference Series},
       volume = {9908},
        month = aug,
          eid = {99087H},
        pages = {99087H},
          doi = {10.1117/12.2234411},
       adsurl = {https://ui.adsabs.harvard.edu/abs/2016SPIE.9908E..7HS},
      adsnote = {Provided by the SAO/NASA Astrophysics Data System}
}

@article{Blake2019,
	author = {Cullen H. Blake and Dan Li and Joseph R. Tufts and Joe P. Ninan and Suvrath Mahadevan and Chad F. Bender and Frederick R. Hearty and Andrew J. Monson and Mark Giovinazzi},
	title = {{Improving the thermal stability of a CCD through clocking}},
	volume = {5},
	journal = {Journal of Astronomical Telescopes, Instruments, and Systems},
	number = {4},
	publisher = {SPIE},
	pages = {1 -- 6},
	keywords = {charge-coupled-device imagers, spectrometers, thermal effects},
	year = {2019},
	doi = {10.1117/1.JATIS.5.4.041510},
	URL = {https://doi.org/10.1117/1.JATIS.5.4.041510}
}

@INPROCEEDINGS{NEID_Port_Overview,
       author = {{Logsdon}, Sarah E. and {McElwain}, Michael W. and {Gong}, Qian and
         {Liang}, Ming and {Santoro}, Fernando and {Schwab}, Christian and
         {Bender}, Chad and {Blake}, Cullen and {Halverson}, Samuel and
         {Hearty}, Fred},
        title = "{The NEID precision radial velocity spectrometer: port adapter overview, requirements, and test plan}",
    booktitle = {Ground-based and Airborne Instrumentation for Astronomy VII},
         year = "2018",
       series = {Society of Photo-Optical Instrumentation Engineers (SPIE) Conference Series},
       volume = {10702},
        month = "Jul",
          eid = {1070267},
        pages = {1070267},
          doi = {10.1117/12.2312209},
       adsurl = {https://ui.adsabs.harvard.edu/abs/2018SPIE10702E..67L},
      adsnote = {Provided by the SAO/NASA Astrophysics Data System}
}

@INPROCEEDINGS{NEID_Tip_Tilt,
       author = {{Percival}, Jeffrey W. and {Gong}, Qian and {Harbeck}, Daniel and
         {Hunting}, Emily and {Jaehnig}, Kurt P. and {Liang}, Ming and
         {Logsdon}, Sarah E. and {McElwain}, Michael W. and
         {Rajagopal}, Jayadev and {Schwab}, Christian},
        title = "{The NEID precision radial velocity spectrometer: fast, first-order wavefront correction}",
    booktitle = {Ground-based and Airborne Instrumentation for Astronomy VII},
         year = "2018",
       series = {Society of Photo-Optical Instrumentation Engineers (SPIE) Conference Series},
       volume = {10702},
        month = "Jul",
          eid = {107026M},
        pages = {107026M},
          doi = {10.1117/12.2313433},
       adsurl = {https://ui.adsabs.harvard.edu/abs/2018SPIE10702E..6MP},
      adsnote = {Provided by the SAO/NASA Astrophysics Data System}
}

@INPROCEEDINGS{NEID_Port_Design,
       author = {{Schwab}, Christian and {Liang}, Ming and {Gong}, Qian and
         {Bender}, Chad and {Blake}, Cullen and {Halverson}, Samuel and
         {Harbeck}, Daniel and {Hearty}, Fred and {Hunting}, Emily and
         {Jaehnig}, Kurt P.},
        title = "{The NEID precision radial velocity spectrometer: optical design of the port adapter and ADC}",
    booktitle = {Ground-based and Airborne Instrumentation for Astronomy VII},
         year = "2018",
       series = {Society of Photo-Optical Instrumentation Engineers (SPIE) Conference Series},
       volume = {10702},
        month = "Jul",
          eid = {1070271},
        pages = {1070271},
          doi = {10.1117/12.2314420},
       adsurl = {https://ui.adsabs.harvard.edu/abs/2018SPIE10702E..71S},
      adsnote = {Provided by the SAO/NASA Astrophysics Data System}
}

@ARTICLE{BallScrambler,
   author = {{Halverson}, S. and {Roy}, A. and {Mahadevan}, S. and {Ramsey}, L. and 
	{Levi}, E. and {Schwab}, C. and {Hearty}, F. and {MacDonald}, N.
	},
    title = "{An Efficient, Compact, and Versatile Fiber Double Scrambler for High Precision Radial Velocity Instruments}",
  journal = {\apj},
archivePrefix = "arXiv",
   eprint = {1505.07463},
 primaryClass = "astro-ph.IM",
 keywords = {instrumentation: spectrographs, techniques: radial velocities, techniques: spectroscopic},
     year = 2015,
    month = jun,
   volume = 806,
      eid = {61},
    pages = {61},
      doi = {10.1088/0004-637X/806/1/61},
   adsurl = {http://adsabs.harvard.edu/abs/2015ApJ...806...61H},
  adsnote = {Provided by the SAO/NASA Astrophysics Data System}
}

@INPROCEEDINGS{NEID_budget,
   author = {{Halverson}, S. and {Terrien}, R. and {Mahadevan}, S. and {Roy}, A. and 
	{Bender}, C. and {Stef{\'a}nsson}, G.~K. and {Monson}, A. and 
	{Levi}, E. and {Hearty}, F. and {Blake}, C. and {McElwain}, M. and 
	{Schwab}, C. and {Ramsey}, L. and {Wright}, J. and {Wang}, S. and 
	{Gong}, Q. and {Roberston}, P.},
    title = "{A comprehensive radial velocity error budget for next generation Doppler spectrometers}",
booktitle = {Ground-based and Airborne Instrumentation for Astronomy VI},
     year = 2016,
   series = {\procspie},
   volume = 9908,
archivePrefix = "arXiv",
   eprint = {1607.05634},
 primaryClass = "astro-ph.IM",
    month = aug,
      eid = {99086P},
    pages = {99086P},
      doi = {10.1117/12.2232761},
   adsurl = {http://adsabs.harvard.edu/abs/2016SPIE.9908E..6PH},
  adsnote = {Provided by the SAO/NASA Astrophysics Data System}
}

@INPROCEEDINGS{Robertson_thermal,
   author = {{Robertson}, P.~M. and {Hearty}, F.~R. and {Anderson}, T.~B. and 
	{Stef{\'a}nsson}, G.~K. and {Levi}, E.~I. and {Bender}, C.~F. and 
	{Mahadevan}, S. and {Halverson}, S.~P. and {Monson}, A.~J. and 
	{Ramsey}, L.~W. and {Roy}, A. and {Schwab}, C. and {Terrien}, R.~C. and 
	{Nelson}, M.~J. and {Blank}, B.},
    title = "{A system to provide sub-milliKelvin temperature control at T 300K for extreme precision optical radial velocimetry}",
booktitle = {Ground-based and Airborne Instrumentation for Astronomy VI},
     year = 2016,
   series = {\procspie},
   volume = 9908,
    month = aug,
      eid = {990862},
    pages = {990862},
      doi = {10.1117/12.2231311},
   adsurl = {http://adsabs.harvard.edu/abs/2016SPIE.9908E..62R},
  adsnote = {Provided by the SAO/NASA Astrophysics Data System}
}

@ARTICLE{Robertson_environment,
       author = {{Robertson}, Paul and {Anderson}, Tyler and {Stefansson}, Gudmundur and
         {Hearty}, Frederick R. and {Monson}, Andrew and {Mahadevan}, Suvrath and
         {Blakeslee}, Scott and {Bender}, Chad and {Ninan}, Joe P. and
         {Conran}, David and {Levi}, Eric and {Lubar}, Emily and {Cole}, Amanda and
         {Dykhouse}, Adam and {Kanodia}, Shubham and {Nitroy}, Colin and
         {Smolsky}, Joseph and {Tuggle}, Demetrius and {Blank}, Basil and
         {Nelson}, Matthew and {Blake}, Cullen and {Halverson}, Samuel and
         {Henderson}, Chuck and {Kaplan}, Kyle F. and {Li}, Dan and
         {Logsdon}, Sarah E. and {McElwain}, Michael W. and
         {Rajagopal}, Jayadev and {Ramsey}, Lawrence W. and {Roy}, Arpita and
         {Schwab}, Christian and {Terrien}, Ryan and {Wright}, Jason T.},
        title = "{Ultrastable environment control for the NEID spectrometer: design and performance demonstration}",
      journal = {Journal of Astronomical Telescopes, Instruments, and Systems},
     keywords = {Astrophysics - Instrumentation and Methods for Astrophysics, Astrophysics - Earth and Planetary Astrophysics},
         year = "2019",
        month = "Jan",
       volume = {5},
          eid = {015003},
        pages = {015003},
          doi = {10.1117/1.JATIS.5.1.015003},
archivePrefix = {arXiv},
       eprint = {1902.07729},
 primaryClass = {astro-ph.IM},
       adsurl = {https://ui.adsabs.harvard.edu/abs/2019JATIS...5a5003R},
      adsnote = {Provided by the SAO/NASA Astrophysics Data System}
}

@ARTICLE{NEID_solar_hardware,
       author = {{Lin}, Andrea S.~J. and {Monson}, Andrew and {Mahadevan}, Suvrath and {Ninan}, Joe P. and {Halverson}, Samuel and {Nitroy}, Colin and {Bender}, Chad F. and {Logsdon}, Sarah E. and {Kanodia}, Shubham and {Terrien}, Ryan C. and {Roy}, Arpita and {Luhn}, Jacob K. and {Gupta}, Arvind F. and {Ford}, Eric B. and {Hearty}, Fred and {Laher}, Russ R. and {Hunting}, Emily and {McBride}, William R. and {Salazar Rivera}, Noah Isaac and {Rajagopal}, Jayadev and {Wolf}, Marsha J. and {Robertson}, Paul and {Wright}, Jason T. and {Blake}, Cullen H. and {Ca{\~n}as}, Caleb I. and {Lubar}, Emily and {McElwain}, Michael W. and {Ramsey}, Lawrence W. and {Schwab}, Christian and {Stefansson}, Gudmundur},
        title = "{Observing the Sun as a Star: Design and Early Results from the NEID Solar Feed}",
      journal = {\aj},
     keywords = {Exoplanets, Radial velocity, Solar telescopes, Solar activity, 498, 1332, 1531, 1475, Astrophysics - Instrumentation and Methods for Astrophysics, Astrophysics - Earth and Planetary Astrophysics, Astrophysics - Solar and Stellar Astrophysics},
         year = 2022,
        month = apr,
       volume = {163},
       number = {4},
          eid = {184},
        pages = {184},
          doi = {10.3847/1538-3881/ac5622},
archivePrefix = {arXiv},
       eprint = {2112.05711},
 primaryClass = {astro-ph.IM},
       adsurl = {https://ui.adsabs.harvard.edu/abs/2022AJ....163..184L},
      adsnote = {Provided by the SAO/NASA Astrophysics Data System}
}