@ARTICLE{blackman2020,
       author = {{Blackman}, Ryan T. and {Fischer}, Debra A. and {Jurgenson}, Colby A. and {Sawyer}, David and {McCracken}, Tyler M. and {Szymkowiak}, Andrew E. and {Petersburg}, Ryan R. and {Ong}, J.~M. Joel and {Brewer}, John M. and {Zhao}, Lily L. and {Leet}, Christopher and {Buchhave}, Lars A. and {Tronsgaard}, Ren{\'e} and {Llama}, Joe and {Sawyer}, Travis and {Davis}, Allen B. and {Cabot}, Samuel H.~C. and {Shao}, Michael and {Trahan}, Russell and {Nemati}, Bijan and {Genoni}, Matteo and {Pariani}, Giorgio and {Riva}, Marco and {Fournier}, Paul and {Pawluczyk}, Rafal},
        title = "{Performance Verification of the EXtreme PREcision Spectrograph}",
      journal = {\aj},
     keywords = {799, 2096, Astrophysics - Instrumentation and Methods for Astrophysics, Astrophysics - Earth and Planetary Astrophysics, Astrophysics - Solar and Stellar Astrophysics},
         year = 2020,
        month = may,
       volume = {159},
       number = {5},
          eid = {238},
        pages = {238},
          doi = {10.3847/1538-3881/ab811d},
archivePrefix = {arXiv},
       eprint = {2003.08852},
 primaryClass = {astro-ph.IM},
       adsurl = {https://ui.adsabs.harvard.edu/abs/2020AJ....159..238B},
      adsnote = {Provided by the SAO/NASA Astrophysics Data System}
}

@inproceedings{jurgenson2016,
   author = {{Jurgenson}, C. and {Fischer}, D. and {McCracken}, T. and {Sawyer}, D. and 
	{Szymkowiak}, A. and {Davis}, A. and {Muller}, G. and {Santoro}, F.
	},
    title = "{EXPRES: a next generation RV spectrograph in the search for earth-like worlds}",
    booktitle = {Ground-based and Airborne Instrumentation for Astronomy VI},
     year = 2016,
   series = {\procspie},
   volume = 9908,
    archivePrefix = "arXiv",
   eprint = {1606.04413},
 primaryClass = "astro-ph.IM",
    month = aug,
      eid = {99086T},
    pages = {99086T},
      doi = {10.1117/12.2233002},
   adsurl = {http://adsabs.harvard.edu/abs/2016SPIE.9908E..6TJ},
  adsnote = {Provided by the SAO/NASA Astrophysics Data System}
}

@INPROCEEDINGS{levine2012,
       author = {{Levine}, Stephen E. and {Bida}, Thomas A. and {Chylek}, Tomas and
         {Collins}, Peter L. and {DeGroff}, William T. and {Dunham}, Edward W. and
         {Lotz}, Paul J. and {Venetiou}, Alexander J. and
         {Zoonemat Kermani}, Saeid},
        title = "{Status and performance of the Discovery Channel Telescope during commissioning}",
    booktitle = {Ground-based and Airborne Telescopes IV},
         year = 2012,
       series = {Society of Photo-Optical Instrumentation Engineers (SPIE) Conference Series},
       volume = {8444},
        month = sep,
          eid = {844419},
        pages = {844419},
          doi = {10.1117/12.926415},
       adsurl = {https://ui.adsabs.harvard.edu/abs/2012SPIE.8444E..19L},
      adsnote = {Provided by the SAO/NASA Astrophysics Data System}
}

@INPROCEEDINGS{llama2024,
       author = {{Llama}, Joe and {Zhao}, Lily L. and {Brewer}, John M. and {Szymkowiak}, Andrew and {Fischer}, Debra A. and {Collins}, Michael and {Tiegs}, Jake and {Cornelius}, Frank},
        title = "{The Lowell Observatory Solar Telescope: a fiber feed into the Extreme Precision Spectrometer}",
     keywords = {Astrophysics - Earth and Planetary Astrophysics, Astrophysics - Instrumentation and Methods for Astrophysics, Astrophysics - Solar and Stellar Astrophysics},
    booktitle = {Ground-based and Airborne Telescopes X},
         year = 2024,
       editor = {{Marshall}, Heather K. and {Spyromilio}, Jason and {Usuda}, Tomonori},
       series = {Society of Photo-Optical Instrumentation Engineers (SPIE) Conference Series},
       volume = {13094},
        month = aug,
          eid = {130942O},
        pages = {130942O},
          doi = {10.1117/12.3020494},
archivePrefix = {arXiv},
       eprint = {2407.07967},
 primaryClass = {astro-ph.EP},
       adsurl = {https://ui.adsabs.harvard.edu/abs/2024SPIE13094E..2OL},
      adsnote = {Provided by the SAO/NASA Astrophysics Data System}
}

@ARTICLE{petersburg2020,
       author = {{Petersburg}, Ryan R. and {Ong}, J.~M. Joel and {Zhao}, Lily L. and
         {Blackman}, Ryan T. and {Brewer}, John M. and {Buchhave}, Lars A. and
         {Cabot}, Samuel H.~C. and {Davis}, Allen B. and {Jurgenson}, Colby A. and
         {Leet}, Christopher and {McCracken}, Tyler M. and {Sawyer}, David and
         {Sharov}, Mikhail and {Tronsgaard}, Ren{\'e} and
         {Szymkowiak}, Andrew E. and {Fischer}, Debra A.},
        title = "{An Extreme-precision Radial-velocity Pipeline: First Radial Velocities from EXPRES}",
      journal = {\aj},
     keywords = {Astrophysics - Instrumentation and Methods for Astrophysics, Astrophysics - Earth and Planetary Astrophysics, Astrophysics - Solar and Stellar Astrophysics},
         year = 2020,
        month = may,
       volume = {159},
       number = {5},
          eid = {187},
        pages = {187},
          doi = {10.3847/1538-3881/ab7e31},
archivePrefix = {arXiv},
       eprint = {2003.08851},
 primaryClass = {astro-ph.IM},
       adsurl = {https://ui.adsabs.harvard.edu/abs/2020AJ....159..187P},
      adsnote = {Provided by the SAO/NASA Astrophysics Data System}
}

@ARTICLE{zhao2021,
       author = {{Zhao}, Lily L. and {Hogg}, David W. and {Bedell}, Megan and {Fischer}, Debra A.},
        title = "{Excalibur: A Nonparametric, Hierarchical Wavelength Calibration Method for a Precision Spectrograph}",
      journal = {\aj},
     keywords = {Exoplanet detection methods, Radial velocity, Astronomical techniques, Astronomical instrumentation, Spectrometers, Computational methods, 489, 1332, 1684, 799, 1554, 1965, Astrophysics - Instrumentation and Methods for Astrophysics, Astrophysics - Earth and Planetary Astrophysics},
         year = 2021,
        month = feb,
       volume = {161},
       number = {2},
          eid = {80},
        pages = {80},
          doi = {10.3847/1538-3881/abd105},
archivePrefix = {arXiv},
       eprint = {2010.13786},
 primaryClass = {astro-ph.IM},
       adsurl = {https://ui.adsabs.harvard.edu/abs/2021AJ....161...80Z},
      adsnote = {Provided by the SAO/NASA Astrophysics Data System}
}

@ARTICLE{zhao2022,
       author = {{Zhao}, Lily L. and {Fischer}, Debra A. and {Ford}, Eric B. and {Wise}, Alex and {Cretignier}, Micha{\"e}l and {Aigrain}, Suzanne and {Barragan}, Oscar and {Bedell}, Megan and {Buchhave}, Lars A. and {Camacho}, Jo{\~a}o D. and {Cegla}, Heather M. and {Cisewski-Kehe}, Jessi and {Collier Cameron}, Andrew and {de Beurs}, Zoe L. and {Dodson-Robinson}, Sally and {Dumusque}, Xavier and {Faria}, Jo{\~a}o P. and {Gilbertson}, Christian and {Haley}, Charlotte and {Harrell}, Justin and {Hogg}, David W. and {Holzer}, Parker and {John}, Ancy Anna and {Klein}, Baptiste and {Lafarga}, Marina and {Lienhard}, Florian and {Maguire-Rajpaul}, Vinesh and {Mortier}, Annelies and {Nicholson}, Belinda and {Palumbo}, Michael L. and {Ramirez Delgado}, Victor and {Shallue}, Christopher J. and {Vanderburg}, Andrew and {Viana}, Pedro T.~P. and {Zhao}, Jinglin and {Zicher}, Norbert and {Cabot}, Samuel H.~C. and {Henry}, Gregory W. and {Roettenbacher}, Rachael M. and {Brewer}, John M. and {Llama}, Joe and {Petersburg}, Ryan R. and {Szymkowiak}, Andrew E.},
        title = "{The EXPRES Stellar Signals Project II. State of the Field in Disentangling Photospheric Velocities}",
      journal = {\aj},
     keywords = {Radial velocity, Exoplanet detection methods, Planet hosting stars, Stellar activity, Spectrometers, 1332, 489, 1242, 1580, 1554, Astrophysics - Earth and Planetary Astrophysics, Astrophysics - Instrumentation and Methods for Astrophysics, Astrophysics - Solar and Stellar Astrophysics},
         year = 2022,
        month = apr,
       volume = {163},
       number = {4},
          eid = {171},
        pages = {171},
          doi = {10.3847/1538-3881/ac5176},
archivePrefix = {arXiv},
       eprint = {2201.10639},
 primaryClass = {astro-ph.EP},
       adsurl = {https://ui.adsabs.harvard.edu/abs/2022AJ....163..171Z},
      adsnote = {Provided by the SAO/NASA Astrophysics Data System}
}
