@ARTICLE{almoulla2023,
       author = {{Al Moulla}, K. and {Dumusque}, X. and {Figueira}, P. and {Lo Curto}, G. and {Santos}, N.~C. and {Wildi}, F.},
        title = "{Stellar signal components seen in HARPS and HARPS-N solar radial velocities}",
      journal = {\aap},
     keywords = {stars: activity, stars: individual: Sun, techniques: radial velocities, Astrophysics - Solar and Stellar Astrophysics, Astrophysics - Earth and Planetary Astrophysics, Astrophysics - Instrumentation and Methods for Astrophysics},
         year = 2023,
        month = jan,
       volume = {669},
          eid = {A39},
        pages = {A39},
          doi = {10.1051/0004-6361/202244663},
archivePrefix = {arXiv},
       eprint = {2211.04251},
 primaryClass = {astro-ph.SR},
       adsurl = {https://ui.adsabs.harvard.edu/abs/2023A&A...669A..39A},
      adsnote = {Provided by the SAO/NASA Astrophysics Data System}
}

@ARTICLE{cretignier2021,
       author = {{Cretignier}, M. and {Dumusque}, X. and {Hara}, N.~C. and {Pepe}, F.},
        title = "{YARARA: Significant improvement of RV precision through post-processing of spectral time-series}",
      journal = {arXiv e-prints},
     keywords = {Astrophysics - Earth and Planetary Astrophysics, Astrophysics - Instrumentation and Methods for Astrophysics},
         year = 2021,
        month = jun,
          eid = {arXiv:2106.07301},
        pages = {arXiv:2106.07301},
archivePrefix = {arXiv},
       eprint = {2106.07301},
 primaryClass = {astro-ph.EP},
       adsurl = {https://ui.adsabs.harvard.edu/abs/2021arXiv210607301C},
      adsnote = {Provided by the SAO/NASA Astrophysics Data System}
}

@ARTICLE{2cretignier2023,
       author = {{Cretignier}, M. and {Dumusque}, X. and {Aigrain}, S. and {Pepe}, F.},
        title = "{YARARA V2: Reaching sub-m s$^{-1}$ precision over a decade using PCA on line-by-line radial velocities}",
      journal = {\aap},
     keywords = {planetary systems, methods: data analysis, techniques: radial velocities, techniques: spectroscopic, Astrophysics - Earth and Planetary Astrophysics, Astrophysics - Instrumentation and Methods for Astrophysics},
         year = 2023,
        month = oct,
       volume = {678},
          eid = {A2},
        pages = {A2},
          doi = {10.1051/0004-6361/202347232},
archivePrefix = {arXiv},
       eprint = {2308.11812},
 primaryClass = {astro-ph.EP},
       adsurl = {https://ui.adsabs.harvard.edu/abs/2023A&A...678A...2C},
      adsnote = {Provided by the SAO/NASA Astrophysics Data System}
}


@ARTICLE{collier2019,
       author = {{Collier Cameron}, A. and {Mortier}, A. and {Phillips}, D. and {Dumusque}, X. and {Haywood}, R.~D. and {Langellier}, N. and {Watson}, C.~A. and {Cegla}, H.~M. and {Costes}, J. and {Charbonneau}, D. and {Coffinet}, A. and {Latham}, D.~W. and {Lopez-Morales}, M. and {Malavolta}, L. and {Maldonado}, J. and {Micela}, G. and {Milbourne}, T. and {Molinari}, E. and {Saar}, S.~H. and {Thompson}, S. and {Buchschacher}, N. and {Cecconi}, M. and {Cosentino}, R. and {Ghedina}, A. and {Glenday}, A. and {Gonzalez}, M. and {Li}, C. -H. and {Lodi}, M. and {Lovis}, C. and {Pepe}, F. and {Poretti}, E. and {Rice}, K. and {Sasselov}, D. and {Sozzetti}, A. and {Szentgyorgyi}, A. and {Udry}, S. and {Walsworth}, R.},
        title = "{Three years of Sun-as-a-star radial-velocity observations on the approach to solar minimum}",
      journal = {\mnras},
     keywords = {techniques: radial velocities, Sun: activity, Sun: faculae, plages, Sun:granulation, sunspots, planets and satellites: detection, Astrophysics - Solar and Stellar Astrophysics, Astrophysics - Earth and Planetary Astrophysics},
         year = 2019,
        month = jul,
       volume = {487},
       number = {1},
        pages = {1082-1100},
          doi = {10.1093/mnras/stz1215},
archivePrefix = {arXiv},
       eprint = {1904.12186},
 primaryClass = {astro-ph.SR},
       adsurl = {https://ui.adsabs.harvard.edu/abs/2019MNRAS.487.1082C},
      adsnote = {Provided by the SAO/NASA Astrophysics Data System}
}

@ARTICLE{dumusque2021,
       author = {{Dumusque}, X. and {Cretignier}, M. and {Sosnowska}, D. and {Buchschacher}, N. and {Lovis}, C. and {Phillips}, D.~F. and {Pepe}, F. and {Alesina}, F. and {Buchhave}, L.~A. and {Burnier}, J. and {Cecconi}, M. and {Cegla}, H.~M. and {Cloutier}, R. and {Collier Cameron}, A. and {Cosentino}, R. and {Ghedina}, A. and {Gonz{\'a}lez}, M. and {Haywood}, R.~D. and {Latham}, D.~W. and {Lodi}, M. and {L{\'o}pez-Morales}, M. and {Maldonado}, J. and {Malavolta}, L. and {Micela}, G. and {Molinari}, E. and {Mortier}, A. and {P{\'e}rez Ventura}, H. and {Pinamonti}, M. and {Poretti}, E. and {Rice}, K. and {Riverol}, L. and {Riverol}, C. and {San Juan}, J. and {S{\'e}gransan}, D. and {Sozzetti}, A. and {Thompson}, S.~J. and {Udry}, S. and {Wilson}, T.~G.},
        title = "{Three years of HARPS-N high-resolution spectroscopy and precise radial velocity data for the Sun}",
      journal = {\aap},
     keywords = {Sun: activity, techniques: radial velocities, methods: data analysis, instrumentation: spectrographs, astronomical databases: miscellaneous, planets and satellites: detection, Astrophysics - Solar and Stellar Astrophysics, Astrophysics - Earth and Planetary Astrophysics, Astrophysics - Instrumentation and Methods for Astrophysics},
         year = 2021,
        month = apr,
       volume = {648},
          eid = {A103},
        pages = {A103},
          doi = {10.1051/0004-6361/202039350},
archivePrefix = {arXiv},
       eprint = {2009.01945},
 primaryClass = {astro-ph.SR},
       adsurl = {https://ui.adsabs.harvard.edu/abs/2021A&A...648A.103D},
      adsnote = {Provided by the SAO/NASA Astrophysics Data System}
}

@ARTICLE{pepe2004,
       author = {{Pepe}, F. and {Mayor}, M. and {Queloz}, D. and {Benz}, W. and {Bonfils}, X. and {Bouchy}, F. and {Lo Curto}, G. and {Lovis}, C. and {M{\'e}gevand}, D. and {Moutou}, C. and {Naef}, D. and {Rupprecht}, G. and {Santos}, N.~C. and {Sivan}, J. -P. and {Sosnowska}, D. and {Udry}, S.},
        title = "{The HARPS search for southern extra-solar planets. I. HD 330075 b: A new ``hot Jupiter''}",
      journal = {\aap},
     keywords = {instrumentation: spectrographs, techniques: radial velocities, stars: individual: HD 330075, stars: planetary systems, Astrophysics},
         year = 2004,
        month = aug,
       volume = {423},
        pages = {385-389},
          doi = {10.1051/0004-6361:20040389},
archivePrefix = {arXiv},
       eprint = {astro-ph/0405252},
 primaryClass = {astro-ph},
       adsurl = {https://ui.adsabs.harvard.edu/abs/2004A&A...423..385P},
      adsnote = {Provided by the SAO/NASA Astrophysics Data System}
}