@ARTICLE{almoulla2023,
       author = {{Al Moulla}, K. and {Dumusque}, X. and {Figueira}, P. and {Lo Curto}, G. and {Santos}, N.~C. and {Wildi}, F.},
        title = "{Stellar signal components seen in HARPS and HARPS-N solar radial velocities}",
      journal = {\aap},
     keywords = {stars: activity, stars: individual: Sun, techniques: radial velocities, Astrophysics - Solar and Stellar Astrophysics, Astrophysics - Earth and Planetary Astrophysics, Astrophysics - Instrumentation and Methods for Astrophysics},
         year = 2023,
        month = jan,
       volume = {669},
          eid = {A39},
        pages = {A39},
          doi = {10.1051/0004-6361/202244663},
archivePrefix = {arXiv},
       eprint = {2211.04251},
 primaryClass = {astro-ph.SR},
       adsurl = {https://ui.adsabs.harvard.edu/abs/2023A&A...669A..39A},
      adsnote = {Provided by the SAO/NASA Astrophysics Data System}
}

@ARTICLE{collier2019,
       author = {{Collier Cameron}, A. and {Mortier}, A. and {Phillips}, D. and {Dumusque}, X. and {Haywood}, R.~D. and {Langellier}, N. and {Watson}, C.~A. and {Cegla}, H.~M. and {Costes}, J. and {Charbonneau}, D. and {Coffinet}, A. and {Latham}, D.~W. and {Lopez-Morales}, M. and {Malavolta}, L. and {Maldonado}, J. and {Micela}, G. and {Milbourne}, T. and {Molinari}, E. and {Saar}, S.~H. and {Thompson}, S. and {Buchschacher}, N. and {Cecconi}, M. and {Cosentino}, R. and {Ghedina}, A. and {Glenday}, A. and {Gonzalez}, M. and {Li}, C. -H. and {Lodi}, M. and {Lovis}, C. and {Pepe}, F. and {Poretti}, E. and {Rice}, K. and {Sasselov}, D. and {Sozzetti}, A. and {Szentgyorgyi}, A. and {Udry}, S. and {Walsworth}, R.},
        title = "{Three years of Sun-as-a-star radial-velocity observations on the approach to solar minimum}",
      journal = {\mnras},
     keywords = {techniques: radial velocities, Sun: activity, Sun: faculae, plages, Sun:granulation, sunspots, planets and satellites: detection, Astrophysics - Solar and Stellar Astrophysics, Astrophysics - Earth and Planetary Astrophysics},
         year = 2019,
        month = jul,
       volume = {487},
       number = {1},
        pages = {1082-1100},
          doi = {10.1093/mnras/stz1215},
archivePrefix = {arXiv},
       eprint = {1904.12186},
 primaryClass = {astro-ph.SR},
       adsurl = {https://ui.adsabs.harvard.edu/abs/2019MNRAS.487.1082C},
      adsnote = {Provided by the SAO/NASA Astrophysics Data System}
}

@INPROCEEDINGS{cosentino2012,
       author = {{Cosentino}, Rosario and {Lovis}, Christophe and {Pepe}, Francesco and {Collier Cameron}, Andrew and {Latham}, David W. and {Molinari}, Emilio and {Udry}, Stephane and {Bezawada}, Naidu and {Black}, Martin and {Born}, Andy and {Buchschacher}, Nicolas and {Charbonneau}, Dave and {Figueira}, Pedro and {Fleury}, Michel and {Galli}, Alberto and {Gallie}, Angus and {Gao}, Xiaofeng and {Ghedina}, Adriano and {Gonzalez}, Carlos and {Gonzalez}, Manuel and {Guerra}, Jose and {Henry}, David and {Horne}, Keith and {Hughes}, Ian and {Kelly}, Dennis and {Lodi}, Marcello and {Lunney}, David and {Maire}, Charles and {Mayor}, Michel and {Micela}, Giusi and {Ordway}, Mark P. and {Peacock}, John and {Phillips}, David and {Piotto}, Giampaolo and {Pollacco}, Don and {Queloz}, Didier and {Rice}, Ken and {Riverol}, Carlos and {Riverol}, Luis and {San Juan}, Jose and {Sasselov}, Dimitar and {Segransan}, Damien and {Sozzetti}, Alessandro and {Sosnowska}, Danuta and {Stobie}, Brian and {Szentgyorgyi}, Andrew and {Vick}, Andy and {Weber}, Luc},
        title = "{Harps-N: the new planet hunter at TNG}",
    booktitle = {Ground-based and Airborne Instrumentation for Astronomy IV},
         year = 2012,
       editor = {{McLean}, Ian S. and {Ramsay}, Suzanne K. and {Takami}, Hideki},
       series = {Society of Photo-Optical Instrumentation Engineers (SPIE) Conference Series},
       volume = {8446},
        month = sep,
          eid = {84461V},
        pages = {84461V},
          doi = {10.1117/12.925738},
       adsurl = {https://ui.adsabs.harvard.edu/abs/2012SPIE.8446E..1VC},
      adsnote = {Provided by the SAO/NASA Astrophysics Data System}
}

@ARTICLE{dumusque2015,
       author = {{Dumusque}, Xavier and {Pepe}, Francesco and {Lovis}, Christophe and {Latham}, David W.},
        title = "{Characterization of a Spurious One-year Signal in HARPS Data}",
      journal = {\apj},
     keywords = {instrumentation: detectors, instrumentation: spectrographs, methods: data analysis, planets and satellites: terrestrial planets, techniques: radial velocities, Astrophysics - Earth and Planetary Astrophysics},
         year = 2015,
        month = aug,
       volume = {808},
       number = {2},
          eid = {171},
        pages = {171},
          doi = {10.1088/0004-637X/808/2/171},
archivePrefix = {arXiv},
       eprint = {1508.00596},
 primaryClass = {astro-ph.EP},
       adsurl = {https://ui.adsabs.harvard.edu/abs/2015ApJ...808..171D},
      adsnote = {Provided by the SAO/NASA Astrophysics Data System}
}

@ARTICLE{dumusque2021,
       author = {{Dumusque}, X. and {Cretignier}, M. and {Sosnowska}, D. and {Buchschacher}, N. and {Lovis}, C. and {Phillips}, D.~F. and {Pepe}, F. and {Alesina}, F. and {Buchhave}, L.~A. and {Burnier}, J. and {Cecconi}, M. and {Cegla}, H.~M. and {Cloutier}, R. and {Collier Cameron}, A. and {Cosentino}, R. and {Ghedina}, A. and {Gonz{\'a}lez}, M. and {Haywood}, R.~D. and {Latham}, D.~W. and {Lodi}, M. and {L{\'o}pez-Morales}, M. and {Maldonado}, J. and {Malavolta}, L. and {Micela}, G. and {Molinari}, E. and {Mortier}, A. and {P{\'e}rez Ventura}, H. and {Pinamonti}, M. and {Poretti}, E. and {Rice}, K. and {Riverol}, L. and {Riverol}, C. and {San Juan}, J. and {S{\'e}gransan}, D. and {Sozzetti}, A. and {Thompson}, S.~J. and {Udry}, S. and {Wilson}, T.~G.},
        title = "{Three years of HARPS-N high-resolution spectroscopy and precise radial velocity data for the Sun}",
      journal = {\aap},
     keywords = {Sun: activity, techniques: radial velocities, methods: data analysis, instrumentation: spectrographs, astronomical databases: miscellaneous, planets and satellites: detection, Astrophysics - Solar and Stellar Astrophysics, Astrophysics - Earth and Planetary Astrophysics, Astrophysics - Instrumentation and Methods for Astrophysics},
         year = 2021,
        month = apr,
       volume = {648},
          eid = {A103},
        pages = {A103},
          doi = {10.1051/0004-6361/202039350},
archivePrefix = {arXiv},
       eprint = {2009.01945},
 primaryClass = {astro-ph.SR},
       adsurl = {https://ui.adsabs.harvard.edu/abs/2021A&A...648A.103D},
      adsnote = {Provided by the SAO/NASA Astrophysics Data System}
}

@ARTICLE{john2023,
	adsnote = {Provided by the SAO/NASA Astrophysics Data System},
	adsurl = {https://ui.adsabs.harvard.edu/abs/2023MNRAS.tmp.2279J},
	archiveprefix = {arXiv},
	author = {{John}, A. Anna and {Collier Cameron}, A. and {Faria}, J.~P. and {Mortier}, A. and {Wilson}, T.~G. and {Malavolta}, L. and {Buchhave}, L.~A. and {Dumusque}, X. and {L{\'o}pez-Morales}, M. and {Haywood}, R.~D. and {Rice}, K. and {Sozzetti}, A. and {Latham}, D.~W. and {Udry}, S. and {Pepe}, F. and {Pinamonti}, M. and {Vanderburg}, A. and {Ghedina}, A. and {Cosentino}, R. and {Stalport}, M. and {Nicholson}, B.~A. and {Fiorenzano}, A. and {Poretti}, E.},
	doi = {10.1093/mnras/stad2381},
	eprint = {2308.01348},
	journal = {\mnras},
	keywords = {planets and satellites: detection, techniques: radial velocities, stars: activity, line: profiles, individual: Rocky Planet Search targets HD 166620 and HD 144579, Astrophysics - Earth and Planetary Astrophysics, Astrophysics - Instrumentation and Methods for Astrophysics, Astrophysics - Solar and Stellar Astrophysics},
	month = aug,
	primaryclass = {astro-ph.EP},
	title = {{Sub-m s$^{-1}$ upper limits from a deep HARPS-N radial-velocity search for planets orbiting HD 166620 and HD 144579}},
	year = 2023,
	bdsk-url-1 = {https://doi.org/10.1093/mnras/stad2381}}

@inproceedings{phillips2016,
	adsnote = {Provided by the SAO/NASA Astrophysics Data System},
	adsurl = {https://ui.adsabs.harvard.edu/abs/2016SPIE.9912E..6ZP},
	author = {{Phillips}, David F. and {Glenday}, Alex G. and {Dumusque}, Xavier and {Buchschacher}, Nicolas and {Collier Cameron}, Andrew and {Cecconi}, Massimo and {Charbonneau}, David and {Cosentino}, Rosario and {Ghedina}, Adriano and {Haywood}, Raph{\"a}elle and {Latham}, David W. and {Li}, Chih-Hao and {Lodi}, Marcello and {Lovis}, Christophe and {Molinari}, Emilio and {Pepe}, Francesco and {Sasselov}, Dimitar and {Szentgyorgyi}, Andrew and {Udry}, Stephane and {Walsworth}, Ronald L.},
	booktitle = {Advances in Optical and Mechanical Technologies for Telescopes and Instrumentation II},
	date-modified = {2020-07-31 23:59:43 +0200},
	doi = {10.1117/12.2232452},
	eid = {99126Z},
	month = jul,
	pages = {99126Z},
	series = {Society of Photo-Optical Instrumentation Engineers (SPIE) Conference Series},
	title = {{An astro-comb calibrated solar telescope to search for the radial velocity signature of Venus}},
	volume = {9912},
	year = 2016,
	bdsk-url-1 = {https://doi.org/10.1117/12.2232452}}
